\RequirePackage{filecontents}
\begin{filecontents}{citations.bib}

@article{NAG,
Author = {Y.Nesterov},
Date-Added = {2014-11-10 20:00:20 +0000},
Journal = {Doklady AN SSSR},
Title = {A method for unconstrained convex minimization problem with the rate of convergence $o(\frac{1}{k^2})$},
Year = {1983}}

% I'm tired of this bibtex proceedings bullshit so I changed it to article
% because fuck this
@article{ORD,
Author={Jianlin Cheng and Zheng Wang and Pollastri, G.},
Journal={Neural Networks, 2008. IJCNN 2008},
Title={A neural network approach to ordinal regression},
Year={2008},
}

@article{MAX,
     author    = {"Ian J. Goodfellow and David Warde-Farley and Mehdi Mirza and Aaron Courville and Yoshua Bengio"},
     title     = "{Maxout Networks}",
     date        = {2013-09-20},
     archivePrefix = "arXiv",
     eprint        = "abs/1302.4389v4"
}

@incollection{KRIZ,
title = {ImageNet Classification with Deep Convolutional Neural Networks},
author = {Alex Krizhevsky and Sutskever, Ilya and Geoffrey E. Hinton},
booktitle = {Advances in Neural Information Processing Systems 25},
editor = {F. Pereira and C.J.C. Burges and L. Bottou and K.Q. Weinberger},
pages = {1097--1105},
year = {2012},
publisher = {Curran Associates, Inc.},
url = {http://papers.nips.cc/paper/4824-imagenet-classification-with-deep-convolutional-neural-networks.pdf}
}

\end{filecontents}